%%%%%%%%
% Libros
%%%%%%%%


%%%%%%%%
% Hojas de datos
%%%%%%%%
@online{ISO1540,
    title = {ISO154X Low-Power Bidirectional I2C Isolators},
    addendum = {(Accedido: 02/07/2024)},
    url = {https://www.ti.com/lit/ds/symlink/iso1541.pdf}
}

@online{2N2222,
    title = {2N2222A Amplifier Transistor NPN Silicon},
    addendum = {(Accedido: 02/07/2024)},
    url = {https://www.onsemi.com/pdf/datasheet/p2n2222a-d.pdf}
}

@online{TL084,
    title = {TL084xx},
    addendum = {(Accedido: 02/07/2024)},
    url = {https://www.st.com/resource/en/datasheet/tl084ac.pdf}
}


%%%%%%%
% Otros
%%%%%%%

@online {kicad,
  author       = {KiCad},
  title        = {KiCad EDA},
  year         = {2024},
  note         = {Versión 6.0.8},
  url          = {https://kicad.org/},
}

@article{BotteronSC1,
    author = {Fernando Botterón},
    title = {Diseño de controladores en el dominio de tiempo discreto},
    journal = {Sistemas de Control 2, Facultad de Ingeniería UNaM},
    year = {2020}
}

@online {plantilla_universidad_de_costa_rica,
    title  = {Plantilla Proyecto Eléctrico - Universidad de Costa Rica},
    addendum = {(Accedido: 13/11/2022)},
    year = {2017},
    url    = {https://es.overleaf.com/latex/templates/plantilla-proyecto-electrico/thtnrybqfsbf}
}

@online {tutorial_latex,
    title  = {Tutoriales Latex usando texmaker},
    addendum = {(Accedido: 13/11/2022)},
    year = {2017},
    url    = {https://youtube.com/playlist?list=PLKRmVEXGjGWc3IIKmo_0F1gxyNggVzdsI}
}

@online {tablas_latex_online,
    title  = {Table Generator - LaTeX Tables},
    addendum = {(Accedido: 13/11/2022)},
    url    = {https://www.tablesgenerator.com/latex_tables}
}

@online {jabref,
    title  = {Página oficial de JabRef},
    addendum = {(Accedido: 13/11/2022)},
    url    = {https://www.jabref.org/}
}

@Book{Instruments1978,
  author = {Texas Instruments},
  date   = {1978},
  title  = {TTL Data Book},
}

%%No anda

@article{agilent2000,
    author = {Agilent Technologies},
    title = {DC Power Supply Handbook},
    journal = {Application Note 90B},
    year = {2000}
}

@online{analog_design_handbook,
    title = {Linear Circuit Design Handbook},
    addendum = {(Accedido: 13/11/2022)},
    url = {https://www.analog.com/en/resources/technical-books/linear-circuit-design-handbook.html}
}

@online{ucsb_lab2,
    title = {Lab 2},
    addendum = {(Accedido: 13/11/2022)},
    url = {https://courses.ece.ucsb.edu/ECE002/2B_Su08Shynk/Lab2.pdf}
}

@online{changpuak_hp_an90b,
    title = {PowerSupply/HP\_AN90B},
    addendum = {(Accedido: 13/11/2022)},
    url = {https://www.changpuak.ch/electronics/PowerSupply/HP_AN90B.pdf}
}

@online{keysight_e3630a,
    title = {E3630A 35W Triple Output Power Supply Data Sheet},
    author = {Keysight Technologies},
    addendum = {(Accedido: 13/11/2022)},
    url = {https://www.keysight.com/us/en/product/E3630A/triple-output-dc-power-supply-6v-25v.html}
}

@online{tektronix_pws4305,
    title = {PWS4000 Series Programmable DC Power Supplies},
    author = {Tektronix},
    addendum = {(Accedido: 13/11/2022)},
    url = {https://www.tek.com/product-series/pws4000-programmable-dc-power-supplies}
}

@online{bkprecision_1621a,
    title = {Model 1621A Single Output DC Power Supply},
    author = {BK Precision},
    addendum = {(Accedido: 13/11/2022)},
    url = {https://www.bkprecision.com/products/power-supplies/1621A-0-18v-0-3a-dc-power-supply.html}
}

@online{rigol_dp832,
    title = {DP800 Series Programmable Linear DC Power Supply},
    author = {Rigol Technologies},
    addendum = {(Accedido: 13/11/2022)},
    url = {https://www.rigolna.com/products/dc-power-supplies/dp800/}
}

@online{gwinstek_gps3030dd,
    title = {GPS-3030DD Linear DC Power Supply},
    author = {GW Instek},
    addendum = {(Accedido: 13/11/2022)},
    url = {https://www.gwinstek.com/en-global/products/detail/GPS-3030DD}
}

@online{rohde_hmp2020,
    title = {HMP Series Power Supplies},
    author = {Rohde \& Schwarz},
    addendum = {(Accedido: 13/11/2022)},
    url = {https://www.rohde-schwarz.com/us/product/hmp-overview-powsupplies-detail_63493-7924.html}
}

@article{zhang2013,
    author = {Zhang, L. and Lee, F. C.},
    title = {High-Frequency Magnetic Integration for DC-DC Converters},
    journal = {IEEE Transactions on Power Electronics},
    year = {2013}
}

@article{Fuente2023,
    author = {Matijak, E. \& Pelinski, J.},
    title = {Diseño y construcción de una fuente de alimentación DC lineal con control digital de tensión y corriente},
    journal = {Facultad de Ingeniería, UNaM},
    year = {2023}
}

@article{wang2018,
    author = {Wang, J. and Zhao, J. and Li, Z.},
    title = {High-Efficiency LLC Resonant Converter for Photovoltaic Applications},
    journal = {Journal of Power Electronics},
    year = {2018}
}

@article{palmour2019,
    author = {Palmour, J. W. and Scofield, S.},
    title = {Wide Bandgap Semiconductor Devices for Power Electronics},
    journal = {IEEE Journal of Emerging and Selected Topics in Power Electronics},
    year = {2019}
}

@article{brown2020,
    author = {Brown, M.},
    title = {Smart Power Supplies: The Future of Power Management},
    journal = {Electronics Weekly},
    year = {2020}
}

@article{kumar2017,
    author = {Kumar, R. and Singh, P.},
    title = {Miniaturization Techniques in Power Electronics},
    journal = {International Journal of Advanced Research in Electrical, Electronics and Instrumentation Engineering},
    year = {2017}
}

@article{hoffmann2021,
    author = {Hoffmann, S. and Lang, M.},
    title = {Integration of Renewable Energy Sources with Smart DC Grids},
    journal = {Renewable and Sustainable Energy Reviews},
    year = {2021}
}

@Comment{jabref-meta: databaseType:biblatex;}
